@misc{ref1,
 number = {1},
 author = {José Luis Sánchez García},
 title = {Sistemas Multiprocesadores},
 year = {2017},
 note = {Último acceso: 14-02-2019}
}

@misc{ref2,
 number = {2},
 author = {Microsoft},
 title = {Inicio rapido: Eniío de telemetria desde un dispositivo a un centro de IoT y su lectura con una aplicacion de back-end (C sharp)},
 url = {https://docs.microsoft.com/es-es/azure/iot-hub/quickstart-send-telemetry-dotnet},
 year = {2019},
 note = {Último acceso: 14-04-2019}
}

